@inproceedings{Sampath:2008:DPA:1413370.1413389,
 author = {Sampath, Rahul S. and Adavani, Santi S. and Sundar, Hari and Lashuk, Ilya and Biros, George},
 title = {Dendro: Parallel Algorithms for Multigrid and AMR Methods on 2:1 Balanced Octrees},
 booktitle = {Proceedings of the 2008 ACM/IEEE Conference on Supercomputing},
 series = {SC '08},
 year = {2008},
 isbn = {978-1-4244-2835-9},
 location = {Austin, Texas},
 pages = {18:1--18:12},
 articleno = {18},
 numpages = {12},
 url = {http://dl.acm.org/citation.cfm?id=1413370.1413389},
 acmid = {1413389},
 publisher = {IEEE Press},
 address = {Piscataway, NJ, USA},
} 

@article{Boman:2012:ZIP:2590399.2590404,
 author = {Boman, Erik G. and \c{C}ataly\"{u}rek, \"{U}mit V. and Chevalier, C{\'e}dric and Devine, Karen D.},
 title = {The Zoltan and Isorropia Parallel Toolkits for Combinatorial Scientific Computing: Partitioning, Ordering and Coloring},
 journal = {Sci. Program.},
 issue_date = {April 2012},
 volume = {20},
 number = {2},
 month = apr,
 year = {2012},
 issn = {1058-9244},
 pages = {129--150},
 numpages = {22},
 url = {http://dx.doi.org/10.1155/2012/713587},
 doi = {10.1155/2012/713587},
 acmid = {2590404},
 publisher = {IOS Press},
 address = {Amsterdam, The Netherlands, The Netherlands},
 keywords = {Combinatorial Scientific Computing, Fill-Reducing Ordering, Graph Coloring, Load Balancing, Matrix Ordering, Parallel Computing, Partitioning},
} 
