@article{devine2005,
  title={New challenges in dynamic load balancing},
  author={Devine, Karen D and Boman, Erik G and Heaphy, Robert T and Hendrickson, Bruce A and Teresco, James D and Faik, Jamal and Flaherty, Joseph E and Gervasio, Luis G},
  journal={Applied Numerical Mathematics},
  volume={52},
  number={2},
  pages={133--152},
  year={2005},
  publisher={Elsevier}
}

@article{campbell2003,
  title={Dynamic octree load balancing using space-filling curves},
  author={Campbell, Paul M and Devine, Karen D and Flaherty, Joseph E and Gervasio, Luis G and Teresco, James D},
  journal={Williams College Department of Computer Science Technical Report CS-03},
  volume={1},
  pages={68},
  year={2003}
}

@article{bender51,
  title={Compute Process Allocator (CPA)},
  author={Bender, Michael A},
  journal={Urbana},
  volume={51},
  pages={61801}
}

@article{slurm,
  title={Workload Schedulers-Genesis, Algorithms and Comparisons},
  author={Sliwko, Leszek and Getov, Vladimir},
  journal={International Journal of Computer Science and Software Engineering},
  volume={4},
  number={6},
  pages={141-155},
  year={2015}
}

@article{sundar2008,
  title={Bottom-up construction and 2: 1 balance refinement of linear octrees in parallel},
  author={Sundar, Hari and Sampath, Rahul S and Biros, George},
  journal={SIAM Journal on Scientific Computing},
  volume={30},
  number={5},
  pages={2675--2708},
  year={2008},
  publisher={SIAM}
}

@inproceedings{sundar2007,
 author = {Sundar, Hari and Sampath, Rahul S. and Adavani, Santi S. and Davatzikos, Christos and Biros, George},
 title = {Low-constant Parallel Algorithms for Finite Element Simulations Using Linear Octrees},
 booktitle = {Proceedings of the 2007 ACM/IEEE Conference on Supercomputing},
 series = {SC '07},
 year = {2007},
 isbn = {978-1-59593-764-3},
 location = {Reno, Nevada},
 pages = {25:1--25:12},
 articleno = {25},
 numpages = {12},
 url = {http://doi.acm.org/10.1145/1362622.1362656},
 doi = {10.1145/1362622.1362656},
 acmid = {1362656},
 publisher = {ACM},
 address = {New York, NY, USA},
} 

@book{bader2012,
  title={Space-filling curves: an introduction with applications in scientific computing},
  author={Bader, Michael},
  volume={9},
  year={2012},
  publisher={Springer Science \& Business Media}
}

